@article{Cardani:2022blq,
    author = "Cardani, L. and others",
    title = "{Disentangling the sources of ionizing radiation in superconducting qubits}",
    eprint = "2211.13597",
    archivePrefix = "arXiv",
    primaryClass = "quant-ph",
    reportNumber = "FERMILAB-PUB-22-903-SQMS-TD",
    doi = "10.1140/epjc/s10052-023-11199-2",
    journal = "Eur. Phys. J. C",
    volume = "83",
    number = "1",
    pages = "94",
    year = "2023"
}

@article{AEgIS:2015dzv,
    author = "Storey, J. and others",
    collaboration = "AEgIS",
    title = "{Particle tracking at cryogenic temperatures: the Fast Annihilation Cryogenic Tracking (FACT) detector for the AEgIS antimatter gravity experiment}",
    doi = "10.1088/1748-0221/10/02/C02023",
    journal = "JINST",
    volume = "10",
    number = "02",
    pages = "C02023",
    year = "2015"
}

@article{ALICE:2006flz,
    author = "Bregant, M. and others",
    editor = "Miyamoto, Akiya and Unno, Yoshinobu and Haba, Junji and Sugimoto, Yasuhiro",
    collaboration = "ALICE",
    title = "{The ALICE vertex detector: Focus on the micro-strip layers}",
    doi = "10.1016/j.nima.2006.09.005",
    journal = "Nucl. Instrum. Meth. A",
    volume = "569",
    pages = "29--32",
    year = "2006"
}

@article{Piechaczek:2023108513,
    title = {Analytical model of free charge transfer in charge-coupled devices},
    journal = {Solid-State Electronics},
    volume = {199},
    pages = {108513},
    year = {2023},
    issn = {0038-1101},
    doi = {https://doi.org/10.1016/j.sse.2022.108513},
    url = {https://www.sciencedirect.com/science/article/pii/S0038110122002842},
    author = {Denis S. Piechaczek and Bedrich J. Hosticka and Manuel Ligges and Olaf Schrey and Rainer Kokozinski},
    keywords = {Charge coupled device, Self-induced drift, Fringing-field drift, Electric drift field, Transfer efficiency, Charge transfer, Modulation transfer function, Time-delay integration}
}

@article{Briki:2022egh,
    author = "Briki, Issa and Mazouz, Malek and Ghedira, Lotfi",
    title = "{Angular distribution of low momentum atmospheric muons at ground level}",
    eprint = "2206.13061",
    archivePrefix = "arXiv",
    primaryClass = "physics.ins-det",
    doi = "10.1088/1475-7516/2023/04/025",
    journal = "JCAP",
    volume = "04",
    pages = "025",
    year = "2023"
}

@article{Holland:asna2023,
    author = {Holland, Stephen E.},
    title = {Fully depleted charge-coupled device design and technology development},
    journal = {Astronomische Nachrichten},
    pages = {e20230072},
    keywords = {CCD, fully depleted, dark energy, dark matter, radiation detection, skipper CCDs},
    doi = {https://doi.org/10.1002/asna.20230072},
    url = {https://onlinelibrary.wiley.com/doi/abs/10.1002/asna.20230072},
    year = "2023"
}

@inproceedings{CMB:SPIE2022,
    author = {Robert W. Besuner},
    title = {{Design, planning, and performance of the CMB-S4 experiment}},
    booktitle = {Ground-based and Airborne Telescopes IX},
    editor = {Heather K. Marshall and Jason Spyromilio and Tomonori Usuda},
    organization = {International Society for Optics and Photonics},
    publisher = {SPIE},
    pages = {121821D},
    keywords = {Cosmology, Inflation, Light Relics, Gravitational Waves, Galaxy Clusters, Gamma Ray Bursts, Millimeter-Wave, Transition Edge Sensor},
    year = {2022},
    doi = {10.1117/12.2636149},
    volume = {12182},
    URL = {https://doi.org/10.1117/12.2636149}
}

@inproceedings{CMB-S4:2022jnk,
    author = {D. R. Barron and Z. Ahmed and J. Aguilar and A. J. Anderson and C. F. Baker and P. S. Barry and J. A. Beall and A. N. Bender and B. A. Benson and R. W. Besuner and T. W. Cecil and C. L. Chang and S. C. Chapman and G. E. Chesmore and G. Derylo and W.  B. Doriese and S. M. Duff and T. Elleflot and J. P. Filippini and B. Flaugher and J. G. Gomez and P. K. Grimes and R. Gualtieri and I. Gullett and G. Haller and S. W. Henderson and D. Henke and R. Herbst and A. I. Huber and J. Hubmayr and M. Jonas and J. Joseph and C. L. King and J. M. Kovac and D. Kubik and M. Lisovenko and J. J. McMahon and L. Moncelsi and J. M. Nagy and B. Osherson and B. Reese and J. E. Ruhl and L. Sapozhnikov and A. Schillaci and S. M. Simon and A. Suzuki and G. Wang and B. Westbrook and V. Yefremenko and J. Zhang},
    title = {{Conceptual design of the modular detector and readout system for the CMB-S4 survey experiment}},
    volume = {12190},
    booktitle = {Millimeter, Submillimeter, and Far-Infrared Detectors and Instrumentation for Astronomy XI},
    editor = {Jonas Zmuidzinas and Jian-Rong Gao},
    organization = {International Society for Optics and Photonics},
    publisher = {SPIE},
    pages = {121900B},
    keywords = {CMB-S4, Transition-edge sensors, Readout, SQUID, Detector Module, Cosmic Microwave Background},
    year = {2022},
    doi = {10.1117/12.2630494},
    URL = {https://doi.org/10.1117/12.2630494}
}

@article{Wilen:2020lgg,
    author = "Wilen, C. D. and others",
    title = "{Correlated charge noise and relaxation errors in superconducting qubits}",
    eprint = "2012.06029",
    archivePrefix = "arXiv",
    primaryClass = "quant-ph",
    reportNumber = "FERMILAB-PUB-21-597-PPD",
    doi = "10.1038/s41586-021-03557-5",
    journal = "Nature",
    volume = "594",
    number = "7863",
    pages = "369--373",
    year = "2021"
}

@article{Collins:2000an,
    author = "Collins, P. and others",
    editor = "De Jong, S. and Koffeman, E.",
    title = "{Cryogenic operation of silicon detectors}",
    doi = "10.1016/S0168-9002(00)00183-2",
    journal = "Nucl. Instrum. Meth. A",
    volume = "447",
    pages = "151--159",
    year = "2000"
}

@article{Allkofer:2007ek,
    author = "Allkofer, Y. and others",
    title = "{Design and performance of the silicon sensors for the CMS barrel pixel detector}",
    eprint = "physics/0702092",
    archivePrefix = "arXiv",
    doi = "10.1016/j.nima.2007.08.151",
    journal = "Nucl. Instrum. Meth. A",
    volume = "584",
    pages = "25--41",
    year = "2008"
}

@article{Tajima:2007cv,
    author = "Tajima, Hiroyasu",
    editor = "Hrubec, Josef and Jeitler, Manfred and Krammer, Manfred and Regler, Meinhard and Badurek, Gerald",
    title = "{Detectors for cosmic rays on ground and in space}",
    eprint = "0709.0634",
    archivePrefix = "arXiv",
    primaryClass = "physics.ins-det",
    reportNumber = "SLAC-PUB-12786",
    doi = "10.1016/j.nima.2007.07.021",
    journal = "Nucl. Instrum. Meth. A",
    volume = "581",
    pages = "12--24",
    year = "2007"
}

@article{Vepsalainen:2020trd,
    author = {Veps\"al\"ainen, Antti and others},
    title = "{Impact of ionizing radiation on superconducting qubit coherence}",
    eprint = "2001.09190",
    archivePrefix = "arXiv",
    primaryClass = "quant-ph",
    doi = "10.1038/s41586-020-2619-8",
    journal = "Nature",
    volume = "584",
    number = "7822",
    pages = "551--556",
    year = "2020"
}

@article{Siddons:2014,
    doi = {10.1088/1742-6596/499/1/012001},
    url = {https://dx.doi.org/10.1088/1742-6596/499/1/012001},
    year = {2014},
    month = {apr},
    volume = {499},
    number = {1},
    pages = {012001},
    author = {D. P. Siddons and others},
    title = {Maia X-ray Microprobe Detector Array System},
    journal = {Journal of Physics: Conference Series}
}

@article{Wang:2014,
    author={Wang, C. and others},
    title={Measurement and control of quasiparticle dynamics in a superconducting qubit},
    journal={Nature Communications},
    year={2014},
    month={Dec},
    day={18},
    volume={5},
    number={1},
    pages={5836},
    issn={2041-1723},
    doi={10.1038/ncomms6836},
    url={https://doi.org/10.1038/ncomms6836}
}

@book{Polushkin:2022,
    author = {Polushkin, Vladimir},
    lccn = {2021062926},
    publisher = {John Wiley & Sons, Inc.},
    title = {Nuclear electronics with quantum cryogenic detectors},
    year = {2022},
    address = {Hoboken, NJ},
    booktitle = {Nuclear electronics with quantum cryogenic detectors},
    isbn = {9781119834724}
}

@article{Arute:2019zxq,
    author = "Arute, Frank and others",
    title = "{Quantum supremacy using a programmable superconducting processor}",
    eprint = "1910.11333",
    archivePrefix = "arXiv",
    primaryClass = "quant-ph",
    doi = "10.1038/s41586-019-1666-5",
    journal = "Nature",
    volume = "574",
    number = "7779",
    pages = "505--510",
    year = "2019"
}

@article{Acharya:2023,
    author={Acharya, Rajeev and others},
    title={Suppressing quantum errors by scaling a surface code logical qubit},
    journal={Nature},
    year={2023},
    volume={614},
    number={7949},
    pages={676-681},
    issn={1476-4687},
    doi={10.1038/s41586-022-05434-1},
    url={https://doi.org/10.1038/s41586-022-05434-1}
}

@article{McEwen:2021wdg,
    author = "McEwen, Matt and others",
    title = "{Resolving catastrophic error bursts from cosmic rays in large arrays of superconducting qubits}",
    eprint = "2104.05219",
    archivePrefix = "arXiv",
    primaryClass = "quant-ph",
    doi = "10.1038/s41567-021-01432-8",
    journal = "Nature Phys.",
    volume = "18",
    number = "1",
    pages = "107--111",
    year = "2022"
}

@Article{Chen:2021,
    author={Chen, Zijun and others},
    title={Exponential suppression of bit or phase errors with cyclic error correction},
    journal={Nature},
    year={2021},
    volume={595},
    number={7867},
    pages={383-387},
    issn={1476-4687},
    doi={10.1038/s41586-021-03588-y},
    url={https://doi.org/10.1038/s41586-021-03588-y}
}

@article{Zhong:2020,
    author = {Han-Sen Zhong  and Hui Wang  and Yu-Hao Deng  and Ming-Cheng Chen  and Li-Chao Peng  and Yi-Han Luo  and Jian Qin  and Dian Wu  and Xing Ding  and Yi Hu  and Peng Hu  and Xiao-Yan Yang  and Wei-Jun Zhang  and Hao Li  and Yuxuan Li  and Xiao Jiang  and Lin Gan  and Guangwen Yang  and Lixing You  and Zhen Wang  and Li Li  and Nai-Le Liu  and Chao-Yang Lu  and Jian-Wei Pan },
    title = {Quantum computational advantage using photons},
    journal = {Science},
    volume = {370},
    number = {6523},
    pages = {1460-1463},
    year = {2020},
    doi = {10.1126/science.abe8770},
    URL = {https://www.science.org/doi/abs/10.1126/science.abe8770},
}

@article{Gonzalez-Zalba:2020ltc,
    author = "Gonzalez-Zalba, M. F. and de Franceschi, S. and Charbon, E. and Meunier, T. and Vinet, M. and Dzurak, A. S.",
    title = "{Scaling silicon-based quantum computing using CMOS technology: State-of-the-art, Challenges and Perspectives}",
    eprint = "2011.11753",
    archivePrefix = "arXiv",
    primaryClass = "quant-ph",
    doi = "10.1038/s41928-021-00681-y",
    journal = "Nature Electron.",
    volume = "4",
    pages = "872",
    year = "2021"
}

@article{Ruchti:1996ar,
    author = "Ruchti, R. C.",
    title = "{The use of scintillating fibers for charged-particle tracking}",
    doi = "10.1146/annurev.nucl.46.1.281",
    journal = "Ann. Rev. Nucl. Part. Sci.",
    volume = "46",
    pages = "281--319",
    year = "1996"
}

@article{Zhang:2022kcw,
    author = "Zhang, J. and Goeldi, D. and Iwai, R. and Sakurai, M. and Soter, A.",
    title = "{Scintillation detectors with silicon photomultiplier readout in a dilution refrigerator at temperatures down to 0.2 K}",
    eprint = "2203.15631",
    archivePrefix = "arXiv",
    primaryClass = "physics.ins-det",
    doi = "10.1088/1748-0221/17/06/P06024",
    journal = "JINST",
    volume = "17",
    number = "06",
    pages = "P06024",
    year = "2022"
}

@book{Spieler:2005si,
    author = "Spieler, Helmuth",
    title = "{Semiconductor Detector Systems}",
    isbn = "978-0-19-852784-8",
    publisher = "Oxford University Press",
    address = "Oxford",
    series = "Semiconductor Science and Technology",
    volume = "v.12",
    year = "2005"
}

@article{Tiffenberg:2017aac,
    author = "Tiffenberg, Javier and Sofo-Haro, Miguel and Drlica-Wagner, Alex and Essig, Rouven and Guardincerri, Yann and Holland, Steve and Volansky, Tomer and Yu, Tien-Tien",
    collaboration = "SENSEI",
    title = "{Single-electron and single-photon sensitivity with a silicon Skipper CCD}",
    eprint = "1706.00028",
    archivePrefix = "arXiv",
    primaryClass = "physics.ins-det",
    reportNumber = "FERMILAB-PUB-17-183-AE-E-PPD, YITP-SB-16-25, CERN-TH-2017-114",
    doi = "10.1103/PhysRevLett.119.131802",
    journal = "Phys. Rev. Lett.",
    volume = "119",
    number = "13",
    pages = "131802",
    year = "2017"
}

@article{Anfimov:2020ikk,
    author = "Anfimov, N. and Fedoseev, D. and Rybnikov, A. and Selyunin, A. and Sokolov, S. and Sotnikov, A.",
    title = "{Study of Silicon Photomultiplier Performance at Different Temperatures}",
    eprint = "2005.10665",
    archivePrefix = "arXiv",
    primaryClass = "physics.ins-det",
    doi = "10.1016/j.nima.2021.165162",
    journal = "Nucl. Instrum. Meth. A",
    volume = "997",
    pages = "165162",
    year = "2021"
}

@article{SENSEI:2019,
  title = {SENSEI: Direct-Detection Constraints on Sub-GeV Dark Matter from a Shallow Underground Run Using a Prototype Skipper CCD},
  author = {Abramoff, Orr and Barak, Liron and Bloch, Itay M. and Chaplinsky, Luke and Crisler, Michael and Dawa and Drlica-Wagner, Alex and Essig, Rouven and Estrada, Juan and Etzion, Erez and Fernandez, Guillermo and Gift, Daniel and Sofo-Haro, Miguel and Taenzer, Joseph and Tiffenberg, Javier and Volansky, Tomer and Yu, Tien-Tien},
  collaboration = {SENSEI Collaboration},
  journal = {Phys. Rev. Lett.},
  volume = {122},
  issue = {16},
  pages = {161801},
  numpages = {6},
  year = {2019},
  month = {Apr},
  doi = {10.1103/PhysRevLett.122.161801},
  url = {https://link.aps.org/doi/10.1103/PhysRevLett.122.161801},
  eprint = {1901.10478},
  archivePrefix = {arXiv},
  primaryClass = {hep-ex}
}

@article{Cervantes:2023167681,
    title = {Skipper-CCDs: Current applications and future},
    journal = {Nuclear Instruments and Methods in Physics Research Section A: Accelerators, Spectrometers, Detectors and Associated Equipment},
    volume = {1046},
    pages = {167681},
    year = {2023},
    issn = {0168-9002},
    doi = {https://doi.org/10.1016/j.nima.2022.167681},
    url = {https://www.sciencedirect.com/science/article/pii/S0168900222009731},
    author = {B.A. Cervantes-Vergara and S. Perez and J.C. D'Olivo and J. Estrada and D.J. Grimm and S. Holland and M. Sofo-Haro and W. Wong},
    keywords = {Solid state detectors, Low-energy ionization detectors, CCD, Direct dark matter search},
    eprint = {2208.05434},
    archivePrefix = {arXiv},
    primaryClass = {astro-ph.IM}
}

@article{Romani:2017iwi,
    author = "Romani, R. K. and others",
    title = "{Thermal detection of single e-h pairs in a biased silicon crystal detector}",
    eprint = "1710.09335",
    archivePrefix = "arXiv",
    primaryClass = "physics.ins-det",
    doi = "10.1063/1.5010699",
    journal = "Appl. Phys. Lett.",
    volume = "112",
    number = "4",
    pages = "043501",
    year = "2018"
}

@article{Mulargia:2016kua,
    author = "Mulargia, R. and others",
    editor = "Gemme, Claudia and Rossi, Leonardo",
    title = "{Temperature dependence of the response of ultra fast silicon detectors}",
    doi = "10.1088/1748-0221/11/12/C12013",
    journal = "JINST",
    volume = "11",
    number = "12",
    pages = "C12013",
    year = "2016"
}

@article{Sadrozinski:2016xxe,
    author = "Sadrozinski, H. F. -W. and others",
    editor = "Unno, Yoshinobu and Ohsugi, Takashi and Hou, Suen and Sadrozinski, Hartmut F. -W. and Lou, Xinchou and Zhu, Hongbo and Ouyang, Qun",
    title = "{Ultra-fast silicon detectors (UFSD)}",
    doi = "10.1016/j.nima.2016.03.093",
    journal = "Nucl. Instrum. Meth. A",
    volume = "831",
    pages = "18--23",
    year = "2016"
}

@article{Cartiglia:2015iua,
    author = "Cartiglia, N. and others",
    editor = "Bruzzi, Mara and Cartiglia, Nicolo and Pace, Emanuele and Talamonti, Cinzia",
    title = "{Design optimization of ultra-fast silicon detectors}",
    doi = "10.1016/j.nima.2015.04.025",
    journal = "Nucl. Instrum. Meth. A",
    volume = "796",
    pages = "141--148",
    year = "2015"
}

@article{PDG:2022pth,
    author = "{Particle Data Group}",
    title = "{Review of Particle Physics}",
    doi = "10.1093/ptep/ptac097",
    journal = "PTEP",
    volume = "2022",
    pages = "083C01",
    year = "2022"
}

@book{Carter:1994,
  title={Backstage Handbook: An Illustrated Almanac of Technical Information},
  author={Carter, Paul},
  isbn={0-911747-39-7},
  year={1994},
  publisher={Broadway Press}
}

@techreport{CMS:1997tlf,
    author = {Karim\"aki, V.},
    editor = "Mannelli, M. and Siegrist, P. and Breuker, H. and Caner, A. and Castaldi, R. and Freudenreich, K. and Hall, G. and Horisberger, R. and Huhtinen, M. and Cattai, A.",
    collaboration = "CMS",
    title = "{The CMS tracker system project}: {Technical Design Report}",
    reportNumber = "CERN-LHCC-98-006, CMS-TDR-5, CERN-LHCC-98-006, CMS-TDR-5",
    year = "1997"
}

@article{Brewer:2021mbe,
    author = "Brewer, Isabella and Negro, Michela and Striebig, Nicolas and Kierans, Carolyn and Caputo, Regina and Leys, Richard and Peri{\'c}, Ivan and Fleischhack, Henrike and Metcalfe, Jessica and Perkins, Jeremy",
    title = "{Developing the future of gamma-ray astrophysics with monolithic silicon pixels}",
    eprint = "2109.13409",
    archivePrefix = "arXiv",
    primaryClass = "astro-ph.IM",
    doi = "10.1016/j.nima.2021.165795",
    journal = "Nucl. Instrum. Meth. A",
    volume = "1019",
    pages = "165795",
    year = "2021"
}

@article{Steinhebel:2023vep,
    author = "Steinhebel, Amanda L. and others",
    title = "{AstroPix: CMOS pixels in space}",
    eprint = "2302.00101",
    archivePrefix = "arXiv",
    primaryClass = "astro-ph.IM",
    doi = "10.22323/1.420.0020",
    journal = "PoS",
    volume = "Pixel2022",
    pages = "020",
    year = "2023"
}

@techreport{ATLAS:1998yql,
    author = "Alam, M. S. and others",
    collaboration = "ATLAS",
    title = "{ATLAS pixel detector: Technical design report}",
    reportNumber = "CERN-LHCC-98-13",
    year = "1998",
    eprint = {https://cds.cern.ch/record/381263},
}

@article{Garcia-Sciveres:2017ymt,
    author = "Garcia-Sciveres, Maurice and Wermes, Norbert",
    title = "{A review of advances in pixel detectors for experiments with high rate and radiation}",
    eprint = "1705.10150",
    archivePrefix = "arXiv",
    primaryClass = "physics.ins-det",
    doi = "10.1088/1361-6633/aab064",
    journal = "Rept. Prog. Phys.",
    volume = "81",
    number = "6",
    pages = "066101",
    year = "2018"
}

@article{Peric:2014faa,
    author = "Peri{\'c}, I. and others",
    editor = "Unno, Yoshinobu and Fukazawa, Yasushi and Hou, Suen and Ohsugi, Takashi and Sadrozinski, Hartmut F. -W.",
    title = "{High-voltage pixel sensors for ATLAS upgrade}",
    doi = "10.1016/j.nima.2014.06.035",
    journal = "Nucl. Instrum. Meth. A",
    volume = "765",
    pages = "172--176",
    year = "2014"
}

@inproceedings{Hirono:2016zck,
    author = "Hirono, Toko and others",
    title = "{Characterization of Fully Depleted CMOS Active Pixel Sensors on High Resistivity Substrates for Use in a High Radiation Environment}",
    booktitle = "{2016 IEEE Nuclear Science Symposium and Medical Imaging Conference}",
    eprint = "1612.03154",
    archivePrefix = "arXiv",
    primaryClass = "physics.ins-det",
    doi = "10.1109/NSSMIC.2016.8069902",
    pages = "8069902",
    year = "2016"
}

@article{Miucci:2014jxa,
    author = "Miucci, A. and others",
    title = "{Radiation-hard Active Pixel Sensors for HL-LHC Detector Upgrades based on HV-CMOS Technology}",
    doi = "10.1088/1748-0221/9/05/C05064",
    journal = "JINST",
    volume = "9",
    pages = "C05064",
    year = "2014"
}

@techreport{ATLAS:2017svb,
    collaboration = "ATLAS",
    title = "{Technical Design Report for the ATLAS Inner Tracker Pixel Detector}",
    reportNumber = "CERN-LHCC-2017-021, ATLAS-TDR-030",
    doi = "10.17181/CERN.FOZZ.ZP3Q",
    year = "2017"
}

@techreport{CMS:2017lum,
    author = "Tumasyan, Armen and others",
    editor = "Klein, K.",
    collaboration = "CMS",
    title = "{The Phase-2 Upgrade of the CMS Tracker}",
    reportNumber = "CERN-LHCC-2017-009, CMS-TDR-014, CERN-LHCC-2017-009, CMS-TDR-014",
    doi = "10.17181/CERN.QZ28.FLHW",
    year = "2017"
}

@article{Okada:1984,
    author = {Okada, Yasumasa and Tokumaru, Yozo},
    title = "{Precise determination of lattice parameter and thermal expansion coefficient of silicon between 300 and 1500 K}",
    journal = {Journal of Applied Physics},
    volume = {56},
    number = {2},
    pages = {314-320},
    year = {1984},
    month = {07},
    issn = {0021-8979},
    doi = {10.1063/1.333965},
    url = {https://doi.org/10.1063/1.333965},
}

@article{Lyon:1977,
    author = {Lyon, K. G. and Salinger, G. L. and Swenson, C. A. and White, G. K.},
    title = "{Linear thermal expansion measurements on silicon from 6 to 340\K}",
    journal = {Journal of Applied Physics},
    volume = {48},
    number = {3},
    pages = {865-868},
    year = {1977},
    month = {08},
    issn = {0021-8979},
    doi = {10.1063/1.323747},
    url = {https://doi.org/10.1063/1.323747},
}

@article{Hahn:1970,
    author = {Hahn, Thomas A.},
    title = "{Thermal Expansion of Copper from 20 to 800\K -- Standard Reference Material 736}",
    journal = {Journal of Applied Physics},
    volume = {41},
    number = {13},
    pages = {5096-5101},
    year = {1970},
    month = {12},
    issn = {0021-8979},
    doi = {10.1063/1.1658614},
    url = {https://doi.org/10.1063/1.1658614},
}

@book{CRC:2023,
  title={CRC Handbook of Chemistry and Physics},
  author={Rumble, J.},
  isbn={9781032425207},
  series={CRC Handbook of Chemistry and Physics},
  year={2023},
  publisher={CRC Press}
}


@article{Grunhaupt:2018,
  title = {Loss Mechanisms and Quasiparticle Dynamics in Superconducting Microwave Resonators Made of Thin-Film Granular Aluminum},
  author = {Gr\"unhaupt, Lukas and Maleeva, Nataliya and Skacel, Sebastian T. and Calvo, Martino and Levy-Bertrand, Florence and Ustinov, Alexey V. and Rotzinger, Hannes and Monfardini, Alessandro and Catelani, Gianluigi and Pop, Ioan M.},
  journal = {Phys. Rev. Lett.},
  volume = {121},
  issue = {11},
  pages = {117001},
  numpages = {7},
  year = {2018},
  month = {Sep},
  publisher = {American Physical Society},
  doi = {10.1103/PhysRevLett.121.117001},
  url = {https://link.aps.org/doi/10.1103/PhysRevLett.121.117001}
}


@article{Cardani:2020vvp,
    author = "Cardani, Laura and others",
    title = "{Reducing the impact of radioactivity on quantum circuits in a deep-underground facility}",
    eprint = "2005.02286",
    archivePrefix = "arXiv",
    primaryClass = "cond-mat.supr-con",
    doi = "10.1038/s41467-021-23032-z",
    journal = "Nature Commun.",
    volume = "12",
    number = "1",
    pages = "2733",
    year = "2021"
}

@article{Karatsu:2019,
    author = {Karatsu, K. and Endo, A. and Bueno, J. and de Visser, P. J. and Barends, R. and Thoen, D. J. and Murugesan, V. and Tomita, N. and Baselmans, J. J. A.},
    title = "{Mitigation of cosmic ray effect on microwave kinetic inductance detector arrays}",
    journal = {Applied Physics Letters},
    volume = {114},
    number = {3},
    pages = {032601},
    year = {2019},
    month = {01},
    issn = {0003-6951},
    doi = {10.1063/1.5052419},
    url = {https://doi.org/10.1063/1.5052419},
}

@article{Nsanzineza:2014,
  title = {Trapping a Single Vortex and Reducing Quasiparticles in a Superconducting Resonator},
  author = {Nsanzineza, I. and Plourde, B. L. T.},
  journal = {Phys. Rev. Lett.},
  volume = {113},
  issue = {11},
  pages = {117002},
  numpages = {5},
  year = {2014},
  publisher = {American Physical Society},
  doi = {10.1103/PhysRevLett.113.117002},
  url = {https://link.aps.org/doi/10.1103/PhysRevLett.113.117002}
}

@article{Henriques:2019,
    author = {Henriques, Fabio and Valenti, Francesco and Charpentier, Thibault and Lagoin, Marc and Gouriou, Clement and Martínez, Maria and Cardani, Laura and Vignati, Marco and Grünhaupt, Lukas and Gusenkova, Daria and Ferrero, Julian and Skacel, Sebastian T. and Wernsdorfer, Wolfgang and Ustinov, Alexey V. and Catelani, Gianluigi and Sander, Oliver and Pop, Ioan M.},
    title = "{Phonon traps reduce the quasiparticle density in superconducting circuits}",
    journal = {Applied Physics Letters},
    volume = {115},
    number = {21},
    pages = {212601},
    year = {2019},
    issn = {0003-6951},
    doi = {10.1063/1.5124967},
    url = {https://doi.org/10.1063/1.5124967},
}

@phdthesis{Daddabbo:2014,
  TITLE = {{Applications of Kinetic Inductance Detectors to Astronomy and Particle Physics}},
  AUTHOR = {d'Addabbo, Antonio},
  URL = {https://theses.hal.science/tel-01368000},
  NUMBER = {2014GRENY064},
  SCHOOL = {{Universit{\'e} de Grenoble}},
  YEAR = {2014},
  TYPE = {Theses},
  PDF = {https://theses.hal.science/tel-01368000/file/D_ADDABBO_2014_archivage.pdf},
}

@Article{Martinis:2021,
    author={Martinis, John M.},
    title={Saving superconducting quantum processors from decay and correlated errors generated by gamma and cosmic rays},
    journal={npj Quantum Information},
    year={2021},
    volume={7},
    number={1},
    pages={90},
    issn={2056-6387},
    eprint = {2012.06137},
    archivePrefix = {arXiv},
    primaryClass = {quant-ph},
    doi={10.1038/s41534-021-00431-0},
    url={https://doi.org/10.1038/s41534-021-00431-0}
}

@article{Xu:2022,
  title = {Distributed Quantum Error Correction for Chip-Level Catastrophic Errors},
  author = {Xu, Qian and Seif, Alireza and Yan, Haoxiong and Mannucci, Nam and Sane, Bernard Ousmane and Van Meter, Rodney and Cleland, Andrew N. and Jiang, Liang},
  journal = {Phys. Rev. Lett.},
  volume = {129},
  issue = {24},
  pages = {240502},
  numpages = {6},
  year = {2022},
  publisher = {American Physical Society},
  doi = {10.1103/PhysRevLett.129.240502},
  url = {https://link.aps.org/doi/10.1103/PhysRevLett.129.240502}
}

@article{Orrell:2021,
  title = {Sensor-Assisted Fault Mitigation in Quantum Computation},
  author = {Orrell, John L. and Loer, Ben},
  journal = {Phys. Rev. Appl.},
  volume = {16},
  issue = {2},
  pages = {024025},
  numpages = {20},
  year = {2021},
  publisher = {American Physical Society},
  doi = {10.1103/PhysRevApplied.16.024025},
  url = {https://link.aps.org/doi/10.1103/PhysRevApplied.16.024025}
}

@Article{McEwen:2021,
    author={McEwen, M. and others},
    title={Removing leakage-induced correlated errors in superconducting quantum error correction},
    journal={Nature Communications},
    year={2021},
    volume={12},
    number={1},
    pages={1761},
    issn={2041-1723},
    doi={10.1038/s41467-021-21982-y},
    url={https://doi.org/10.1038/s41467-021-21982-y}
}

@article{Agostinelli2003250,
     author    = "Agostinelli, S. and others",
     collaboration = "{\GEANTfour}",
     title     = "{{\GEANTfour}---a simulation toolkit}",
     journal   = "Nucl. Instrum. Meth. A",
     volume    = "506",
     pages     = "250",
     year      = "2003",
     doi       = "10.1016/S0168-9002(03)01368-8",
     SLACcitation  = "%%CITATION = NUIMA,A506,250;%%"
}

@article{Peric:2007zz,
    author = "Peri{\'c}, Ivan",
    editor = "Ambrosi, Giovanni and Bilei, Gian M. and Fano, Livio and Passeri, Daniele and Santocchia, Attilio and Zuccon, Paolo",
    title = "{A novel monolithic pixelated particle detector implemented in high-voltage CMOS technology}",
    doi = "10.1016/j.nima.2007.07.115",
    journal = "Nucl. Instrum. Meth. A",
    volume = "582",
    pages = "876--885",
    year = "2007"
}

@article{Peric:2021bcu,
    author = "Peri{\'c}, Ivan and others",
    title = "{High-Voltage CMOS Active Pixel Sensor}",
    doi = "10.1109/jssc.2021.3061760",
    journal = "IEEE J. Solid State Circuits",
    volume = "56",
    number = "8",
    pages = "2488--2502",
    year = "2021"
}


@article{Pires:19901064,
    title = {Carrier freezeout in silicon},
    journal = {Cryogenics},
    volume = {30},
    number = {12},
    pages = {1064-1068},
    year = {1990},
    issn = {0011-2275},
    doi = {https://doi.org/10.1016/0011-2275(90)90208-T},
    url = {https://www.sciencedirect.com/science/article/pii/001122759090208T},
    author = {R.G. Pires and R.M. Dickstein and S.L. Titcomb and R.L. Anderson},
    keywords = {carrier freezeout, low temperature electronics, impurity},
}

@article{Eremin:2018vwc,
    author = "Eremin, V. and Shepelev, A. and Verbitskaya, E. and Zamantzas, C. and Galkin, A.",
    title = "{The paradox of characteristics of silicon detectors operated at temperature close to liquid helium}",
    doi = "10.1063/1.5029533",
    journal = "J. Appl. Phys.",
    volume = "123",
    number = "20",
    pages = "204501",
    year = "2018"
}

@book{Weisend:1998,
    author = {Weisend, J. G.},
    address = {Philadelphia, PA},
    booktitle = {Handbook of cryogenic engineering},
    isbn = {1560323329},
    keywords = {Cryotechnique},
    lccn = {97048881},
    publisher = {Taylor \& Francis},
    title = {Handbook of cryogenic engineering},
    year = {1998},
}

@article{Sapi:2020,
    title = {Properties of cryogenic and low temperature composite materials – A review},
    journal = {Cryogenics},
    volume = {111},
    pages = {103190},
    year = {2020},
    issn = {0011-2275},
    doi = {https://doi.org/10.1016/j.cryogenics.2020.103190},
    url = {https://www.sciencedirect.com/science/article/pii/S0011227520301922},
    author = {Zsombor Sápi and Richard Butler},
    keywords = {Microcracking, Carbon fibre, Cold temperature, Space applications, Liquid nitrogen (LN2)},
}

@inproceedings{Polis:2006,
	author = {Polis, Daniel and Sovinski, Marjorie and Harris, Brian and Puckett, Dave and He, Charles and Kiwak, Robert},
	year = {2006},
	title = "{Cryogenic durability of a carbon fiber reinforced cyanate ester composite: Degree-of-cure effect}",
	volume = {51},
	journal = {International SAMPE Symposium and Exhibition},
	organization = "{The Society for the Advancement of Material and Process Engineering (SAMPE)}"
}

@article{Liang:2016156,
    title = {Study of built-in amplifier performance on HV-CMOS sensor for the ATLAS phase-II strip tracker upgrade},
    journal = {Nuclear Instruments and Methods in Physics Research Section A: Accelerators, Spectrometers, Detectors and Associated Equipment},
    volume = {831},
    pages = {156-160},
    year = {2016},
    note = {Proceedings of the 10th International “Hiroshima” Symposium on the Development and Application of Semiconductor Tracking Detectors},
    issn = {0168-9002},
    doi = {https://doi.org/10.1016/j.nima.2016.05.007},
    url = {https://www.sciencedirect.com/science/article/pii/S0168900216303655},
    author = {Z. Liang and A. Affolder and K. Arndt and R. Bates and M. Benoit and F. {Di Bello} and A. Blue and D. Bortoletto and M. Buckland and C. Buttar and P. Caragiulo and D. Das and J. Dopke and A. Dragone and F. Ehrler and V. Fadeyev and Z. Galloway and H. Grabas and I.M. Gregor and P. Grenier and A. Grillo and M. Hoeferkamp and L.B.A. Hommels and B.T. Huffman and J. John and K. Kanisauskas and C. Kenney and J. Kramberger and I. Mandić and D. Maneuski and F. Martinez-Mckinney and S. McMahon and L. Meng and M. Mikuž and D. Muenstermann and R. Nickerson and I. Peri{\'c} and P. Phillips and R. Plackett and F. Rubbo and J. Segal and S. Seidel and A. Seiden and I. Shipsey and W. Song and M. Stanitzki and D. Su and C. Tamma and R. Turchetta and L. Vigani and J. Volk and R. Wang and M. Warren and F. Wilson and S. Worm and Q. Xiu and J. Zhang and H. Zhu},
    keywords = {HVCMOS, Silicon Strips, ATLAS phase-II upgrade},
}

@article{Barron:2017kuo,
    author = "Barron, Darcy and others",
    title = "{Optimization Study for the Experimental Configuration of CMB-S4}",
    eprint = "1702.07467",
    archivePrefix = "arXiv",
    primaryClass = "astro-ph.IM",
    doi = "10.1088/1475-7516/2018/02/009",
    journal = "JCAP",
    volume = "02",
    pages = "009",
    year = "2018"
}

@article{Wang:2023,
title = {State-of-the-art development about cryogenic technologies to support space-based infrared detection},
journal = {Chinese Journal of Aeronautics},
year = {2023},
issn = {1000-9361},
doi = {https://doi.org/10.1016/j.cja.2023.08.008},
url = {https://www.sciencedirect.com/science/article/pii/S1000936123002832},
author = {Yuying Wang and Jindong Li and Xiang Li and Hezhi Sun},
keywords = {Infrared detection, Space application, Mid- and long-wavelength IR detection, Cryogenic cooler, Energy transportation},
}

@article{Nakamura:2017,
title = {Low temperature transport properties of pyrolytic graphite sheet},
journal = {Cryogenics},
volume = {86},
year = {2017},
issn = {0011-2275},
doi = {https://doi.org/10.1016/j.cryogenics.2017.08.004},
url = {https://www.sciencedirect.com/science/article/pii/S0011227517301212},
author = {Sachiko Nakamura and Daisuke Miyafuji and Takenori Fujii and Tomohiro Matsui and Hiroshi Fukuyama},
keywords = {Graphite, Thermal link, Thermal conductivity, Electrical conductivity, X-ray diffraction, Raman spectroscopy}
}

@book{Hauser:1996,
author = {Hauser, A and Dolce, S},
copyright = {Copyright 1996 Society of Automotive Engineers, Inc.},
publisher = {SAE International},
issn = {0148-7191},
title = {Design Concepts for Flexible Thermal Links},
year = {1996},
pages = {556--562},
doi = "10.4271/961459"
}

% CDMS-I
@article{CDMS:2002moo,
    author = "Abrams, D. and others",
    collaboration = "CDMS",
    title = "{Exclusion Limits on the WIMP Nucleon Cross-Section from the Cryogenic Dark Matter Search}",
    eprint = "astro-ph/0203500",
    archivePrefix = "arXiv",
    reportNumber = "FERMILAB-PUB-02-287, CWRU-P4-02, UCSB-HEP-02-02, CWRU-P4-02-UCSB-HEP-02-02",
    doi = "10.1103/PhysRevD.66.122003",
    journal = "Phys. Rev. D",
    volume = "66",
    pages = "122003",
    year = "2002"
}
% CDMS-II
@article{CDMS:2005jsf,
    author = "Akerib, D. S. and others",
    collaboration = "CDMS",
    title = "{Exclusion limits on the WIMP-nucleon cross section from the first run of the Cryogenic Dark Matter Search in the Soudan Underground Laboratory}",
    eprint = "astro-ph/0507190",
    archivePrefix = "arXiv",
    reportNumber = "FERMILAB-PUB-05-456-E, SLAC-PUB-15993",
    doi = "10.1103/PhysRevD.72.052009",
    journal = "Phys. Rev. D",
    volume = "72",
    pages = "052009",
    year = "2005"
}
% CDMS readout
@article{Akerib:2008zz,
    author = "Akerib, D. S. and others",
    title = "{Design and performance of a modular low-radioactivity readout system for cryogenic detectors in the CDMS experiment}",
    doi = "10.1016/j.nima.2008.03.103",
    journal = "Nucl. Instrum. Meth. A",
    volume = "591",
    year = "2008"
}

% GLAST/Fermi-LAT
% Note: Power is 180 muW/channel
@article{Baldini:2006rq,
    author = "Baldini, L. and others",
    title = "{The Silicon Tracker Readout Electronics of the Gamma-ray Large Area Space Telescope}",
    reportNumber = "SLAC-PUB-11713",
    doi = "10.1109/TNS.2006.871259",
    journal = "IEEE Trans. Nucl. Sci.",
    volume = "53",
    year = "2006"
}
@article{Atwood:2007ra,
    author = "Atwood, W. B. and others",
    title = "{Design and Initial Tests of the Tracker-Converter of the Gamma-ray Large Area Space Telescope}",
    reportNumber = "SLAC-PUB-12406",
    doi = "10.1016/j.astropartphys.2007.08.010",
    journal = "Astropart. Phys.",
    volume = "28",
    year = "2007"
}
@article{Bregeon:2011zza,
    author = "Bregeon, J.",
    collaboration = "Fermi-LAT",
    title = "{Design and performance of the silicon strip tracker of the Fermi Large Area Telescope}",
    doi = "10.1088/1748-0221/6/12/C12043",
    journal = "JINST",
    volume = "6",
    pages = "C12043",
    year = "2011"
}



@article{Kazuhiro:2018,
author = {Kazuhiro Nakazawa and Goro Sato and Motohide Kokubun and Teruaki Enoto and Yasushi Fukazawa and Kouichi Hagino and Katsuhiro Hayashi and Jun Kataoka and Junichiro Katsuta and Shogo B. Kobayashi and Philippe Laurent and Fran{\c{c}}ois Lebrun and Olivier Limousin and Daniel Maier and Kazuo Makishima and Tsunefumi Mizuno and Kunishiro Mori and Takeshi Nakamori and Toshio Nakano and Hirofumi Noda and Hirokazu Odaka and Masanori Ohno and Masayuki Ohta and Shinya Saito and Rie Sato and Hiroyasu Tajima and Hiromitsu Takahashi and Tadayuki Takahashi and Shin’ichiro Takeda and Takaaki Tanaka and Yukikatsu Terada and Hideki Uchiyama and Yasunobu Uchiyama and Shin Watanabe and Kazutaka Yamaoka and Yoichi Yatsu and Takayuki Yuasa},
title = {{Hard x-ray imager onboard Hitomi (ASTRO-H)}},
volume = {4},
journal = {Journal of Astronomical Telescopes, Instruments, and Systems},
number = {2},
publisher = {SPIE},
pages = {021410},
keywords = {gamma rays, x-rays, detectors, satellites, astronomy, Imaging systems, Avalanche photodetectors, Hard x-rays, Satellites, Sensors, Cameras, X-rays, Americium, Imaging spectroscopy, X-ray imaging},
year = {2018},
doi = {10.1117/1.JATIS.4.2.021410},
URL = {https://doi.org/10.1117/1.JATIS.4.2.021410}
}

@article{Xue:2021,
author={Xue, Xiao and others},
title={{CMOS-based cryogenic control of silicon quantum circuits}},
journal={Nature},
year={2021},
volume={593},
number={7858},
issn={1476-4687},
doi={10.1038/s41586-021-03469-4},
url={https://doi.org/10.1038/s41586-021-03469-4}
}

@article{Hornibrook:2014aba,
    author = "Hornibrook, J. M. and others",
    title = "{Cryogenic Control Architecture for Large-Scale Quantum Computing}",
    eprint = "1409.2202",
    archivePrefix = "arXiv",
    primaryClass = "cond-mat.mes-hall",
    doi = "10.1103/PhysRevApplied.3.024010",
    journal = "Phys. Rev. Applied",
    volume = "3",
    number = "2",
    pages = "024010",
    year = "2015"
}

@inproceedings{Hart:2022xex,
  author={{`t Hart}, P. A. and Huizinga, T. and Babaie, M. and Vladimirescu, A. and Sebastiano, F.},
  booktitle={2022 IEEE 15th Workshop on Low Temperature Electronics (WOLTE)}, 
  title={{Integrated Cryo-CMOS Temperature Sensors for Quantum Control ICs}}, 
  year={2022},
  doi={10.1109/WOLTE55422.2022.9882600}
}

@inproceedings{Coskun:2014,
  author={Coskun, A.H. and Bardin, J.C.},
  booktitle={2014 IEEE MTT-S International Microwave Symposium (IMS2014)}, 
  title={{Cryogenic small-signal and noise performance of $32\nm$ SOI CMOS}},
  year={2014},
  doi={10.1109/MWSYM.2014.6848614}
}

@article{Veldhorst:2017,
author={Veldhorst, M. and Eenink, H. G. J. and Yang, C. H. and Dzurak, A. S.},
title={{Silicon CMOS architecture for a spin-based quantum computer}},
journal={Nature Communications},
year={2017},
volume={8},
number={1},
pages={1766},
issn={2041-1723},
doi={10.1038/s41467-017-01905-6},
}

@article{Ruffino:2022,
author={Ruffino, Andrea and Yang, Tsung-Yeh and Michniewicz, John and Peng, Yatao and Charbon, Edoardo and Gonzalez-Zalba, Miguel Fernando},
title={{A cryo-CMOS chip that integrates silicon quantum dots and multiplexed dispersive readout electronics}},
journal={Nature Electronics},
year={2022},
volume={5},
number={1},
pages={53-59},
issn={2520-1131},
doi={10.1038/s41928-021-00687-6},
url={https://doi.org/10.1038/s41928-021-00687-6}
}

@incollection{Ghibaudo:2021,
author = {Mika{\"e}l Cass{\'e} and G{\'e}rard Ghibaudo},
title = {{Low Temperature Characterization and Modeling of FDSOI Transistors for Cryo CMOS Applications}},
booktitle = {Low-Temperature Technologies and Applications},
publisher = {IntechOpen},
year = {2021},
editor = {Salim Newaz Kazi},
chapter = {2},
doi = {10.5772/intechopen.98403},
url = {https://doi.org/10.5772/intechopen.98403}
}

@article{Bardin:2019,
  author={Bardin, Joseph C. and Jeffrey, Evan and Lucero, Erik and Huang, Trent and Das, Sayan and Sank, Daniel Thomas and Naaman, Ofer and Megrant, Anthony Edward and Barends, Rami and White, Ted and Giustina, Marissa and Satzinger, Kevin J. and Arya, Kunal and Roushan, Pedram and Chiaro, Benjamin and Kelly, Julian and Chen, Zijun and Burkett, Brian and Chen, Yu and Dunsworth, Andrew and Fowler, Austin and Foxen, Brooks and Gidney, Craig and Graff, Rob and Klimov, Paul and Mutus, Josh and McEwen, Matthew J. and Neeley, Matthew and Neill, Charles J. and Quintana, Chris and Vainsencher, Amit and Neven, Hartmut and Martinis, John},
  journal={IEEE Journal of Solid-State Circuits}, 
  title={{Design and Characterization of a 28-$\nmns$ Bulk-CMOS Cryogenic Quantum Controller Dissipating Less Than $2\mWatts$ at $3\K$}},
  year={2019},
  volume={54},
  number={11},
  pages={3043-3060},
  doi={10.1109/JSSC.2019.2937234}
}

@inproceedings{Charbon:2019,
  author={Charbon, Edoardo},
  booktitle={ESSDERC 2019 - 49th European Solid-State Device Research Conference (ESSDERC)}, 
  title={{Cryo-CMOS Electronics for Quantum Computing Applications}},
  year={2019},
  doi={10.1109/ESSDERC.2019.8901812}
}

@article{Incandela:2018,
  author={Incandela, Rosario M. and Song, Lin and Homulle, Harald and Charbon, Edoardo and Vladimirescu, Andrei and Sebastiano, Fabio},
  journal={IEEE Journal of the Electron Devices Society}, 
  title={{Characterization and Compact Modeling of Nanometer CMOS Transistors at Deep-Cryogenic Temperatures}},
  year={2018},
  volume={6},
  doi={10.1109/JEDS.2018.2821763}
}

@inproceedings{Sebastiano:2017,
  author={Sebastiano, Fabio and Homulle, Harald A. R. and van Dijk, Jeroen P. G. and Incandela, Rosario M. and Patra, Bishnu and Mehrpoo, Mohammadreza and Babaie, Masoud and Vladimirescu, Andrei and Charbon, Edoardo},
  booktitle={2017 7th IEEE International Workshop on Advances in Sensors and Interfaces (IWASI)}, 
  title={{Cryogenic CMOS interfaces for quantum devices}},
  year={2017},
  doi={10.1109/IWASI.2017.7974215}
}

@inproceedings{Patra:2020,
  author={Patra, Bishnu and van Dijk, Jeroen P. G. and Subramanian, Sushil and Corna, Andrea and Xue, Xiao and Jeon, Charles and Sheikh, Farhana and Juarez-Hernandez, Esdras and Esparza, Brando Perez and Rampurawala, Huzaifa and Carlton, Brent and Samkharadze, Nodar and Ravikumar, Surej and Nieva, Carlos and Kim, Sungwon and Lee, Hyung-Jin and Sammak, Amir and Scappucci, Giordano and Veldhorst, Menno and Vandersypen, Lieven M. K. and Babaie, Masoud and Sebastiano, Fabio and Charbon, Edoardo and Pellerano, Stefano},
  booktitle={2020 IEEE International Solid-State Circuits Conference - (ISSCC)}, 
  title={{A Scalable Cryo-CMOS 2-to-20 GHz Digitally Intensive Controller for 4$\times$32 Frequency Multiplexed Spin Qubits/Transmons in $22\nm$ FinFET Technology for Quantum Computers}},
  year={2020},
  doi={10.1109/ISSCC19947.2020.9063109}
}

@inproceedings{Sebastiano:2020,
  author={Sebastiano, F. and van Dijk, J. P. G. and {`t Hart}, P. A. and Patra, B. and van Staveren, J. and Xue, X. and Almudever, C. G. and Scappucci, G. and Veldhorst, M. and Vandersypen, L. M. K. and Vladimirescu, A. and Pellerano, S. and Babaie, M. and Charbon, E.},
  booktitle={2020 IEEE International Electron Devices Meeting (IEDM)}, 
  title={{Cryo-CMOS Interfaces for Large-Scale Quantum Computers}},
  year={2020},
  doi={10.1109/IEDM13553.2020.9372075}
}

@article{Balestra:2017,
doi = {10.1088/1361-6641/32/2/023002},
url = {https://dx.doi.org/10.1088/1361-6641/32/2/023002},
year = {2017},
publisher = {IOP Publishing},
volume = {32},
number = {2},
pages = {023002},
author = {F. Balestra and G. Ghibaudo},
title = {Physics and performance of nanoscale semiconductor devices at cryogenic temperatures},
journal = {Semiconductor Science and Technology}
}

@inproceedings{Beckers:2017,
  author={Beckers, Arnout and Jazaeri, Farzan and Ruffino, Andrea and Bruschini, Claudio and Baschirotto, Andrea and Enz, Christian},
  booktitle={2017 47th European Solid-State Device Research Conference (ESSDERC)}, 
  title={{Cryogenic characterization of $28\nm$ bulk CMOS technology for quantum computing}},
  year={2017},
  doi={10.1109/ESSDERC.2017.8066592}
}

@article{Cretu:2016,
doi = {10.1088/0268-1242/31/12/124006},
url = {https://dx.doi.org/10.1088/0268-1242/31/12/124006},
year = {2016},
publisher = {IOP Publishing},
volume = {31},
number = {12},
pages = {124006},
author = {B. Cretu and D. Boudier and E. Simoen and A. Veloso and N. Collaert},
title = {{Assessment of DC and low-frequency noise performances of triple-gate FinFETs at cryogenic temperatures}},
journal = {Semiconductor Science and Technology}
}

@inproceedings{Shin:2014,
  author={Shin, M. and Shi, M. and Mouis, M. and Cros, A. and Josse, E. and Kim, G. T. and Ghibaudo, G.},
  booktitle={2014 11th International Workshop on Low Temperature Electronics (WOLTE)}, 
  title={{Low temperature characterization of $14\nm$ FDSOI CMOS devices}}, 
  year={2014},
  doi={10.1109/WOLTE.2014.6881018}
}

@inproceedings{Bohuslavskyi:2017,
  author={Bohuslavskyi, H. and Barraud, S. and Cassé, M. and Barrai, V. and Bertrand, B. and Hutin, L. and Arnaud, F. and Galy, P. and Sanquer, M. and De Franceschi, S. and Vinet, M.},
  booktitle={2017 Silicon Nanoelectronics Workshop (SNW)}, 
  title={{$28\nm$ Fully-depleted SOI technology: Cryogenic control electronics for quantum computing}},
  year={2017},
  doi={10.23919/SNW.2017.8242338}
}

@article{Bonen:2019,
  author={Bonen, S. and Alakusu, U. and Duan, Y. and Gong, M. J. and Dadash, M. S. and Lucci, L. and Daughton, D. R. and Adam, G. C. and Iordănescu, S. and Pǎşteanu, M. and Giangu, I. and Jia, H. and Gutierrez, L. E. and Chen, W. T. and Messaoudi, N. and Harame, D. and Müller, A. and Mansour, R. R. and Asbeck, P. and Voinigescu, S. P.},
  journal={IEEE Electron Device Letters},
  title={{Cryogenic Characterization of 22-$\nmns$ FDSOI CMOS Technology for Quantum Computing ICs}},
  year={2019},
  volume={40},
  number={1},
  doi={10.1109/LED.2018.2880303}
}

@article{Park:2018,
title = {{Kink effect in ultrathin FDSOI MOSFETs}},
journal = {Solid-State Electronics},
volume = {143},
year = {2018},
issn = {0038-1101},
doi = {10.1016/j.sse.2017.12.002},
author = {Park, H. J. and Bawedin, M. and Choi, H. G. and Cristoloveanu, S.},
}

@article{Xue:2023,
title = {{Cryo-CMOS modeling and a 600 MHz cryogenic clock generator for quantum computing applications}},
journal = {Chip},
pages = {100065},
year = {2023},
issn = {2709-4723},
doi = {https://doi.org/10.1016/j.chip.2023.100065},
author = {Qiwen Xue and Yuanke Zhang and Mingjie Wen and Xiaohu Zhai and Yuefeng Chen and Tengteng Lu and Chao Luo and Guoping Guo}
}
